<?xml version="1.0" encoding="UTF-8"?><collection xmlns="http://www.loc.gov/MARC21/slim"><record><leader>00536nam--2200181-i-4500</leader><controlfield tag="001">000019357</controlfield><controlfield tag="002">20161230</controlfield><controlfield tag="005">20161230201033</controlfield><controlfield tag="008">060222s1000------------r-----000-0-eng-d</controlfield><datafield ind1=" " ind2=" " tag="040"><subfield code="a">IFIN-HH</subfield></datafield><datafield ind1=" " ind2=" " tag="080"><subfield code="a">539.131:539.12</subfield></datafield><datafield ind1="1" ind2=" " tag="100"><subfield code="a">Feld, Bernard T</subfield></datafield><datafield ind1="1" ind2="0" tag="245"><subfield code="a">Models of elementary particles</subfield><subfield code="c">Bernard t. feld</subfield></datafield><datafield ind1=" " ind2=" " tag="260"><subfield code="a">Waltham, Massachusetts</subfield><subfield code="b">Blaisdell Publishing Company</subfield><subfield code="c">1969</subfield></datafield><datafield ind1=" " ind2=" " tag="300"><subfield code="a">XIV + 546 P</subfield></datafield><datafield ind1=" " ind2=" " tag="490"><subfield code="a">A Blaisdel Book In The Pure And Applied Sciences</subfield></datafield><datafield ind1=" " ind2=" " tag="852"><subfield code="a">37500</subfield><subfield code="c">539.12</subfield></datafield><datafield ind1=" " ind2=" " tag="CAT"><subfield code="a">Sys</subfield><subfield code="c">20111122</subfield><subfield code="h">164140</subfield></datafield></record></collection>